@manual{nistitl2017,
  title={2017 ANNUAL REPORT},
  author={NIST Information Technology Laboratory},
  year={2017}
}

@manual{ehrhistory2011,
  title={Development of the Electronic Health Record},
  author={Jim Atherton},
  year={2011}
}

@misc{hippaprof2017,
  title={HIPAA for Professionals},
  author={Office for Civil Rights},
  year={2017},
  howpublished = "\url{https://www.hhs.gov/hipaa/for-professionals/index.html}"
}

@misc{ponemon2020,
  title={2020 GLOBAL ENCRYPTION TRENDS STUDY},
  author={Ponemon Institue},
  year={2020},
  howpublished = "\url{https://www.ncipher.com/2020/global-encryption-trends-study}"
}

@misc{FlaskDocs,
  title={Foreword: What does “micro” mean?},
  author={The Pallets Projects},
  year={2010},
  howpublished = "\url{https://flask.palletsprojects.com/en/1.1.x/foreword/}"
}

@misc{Flask-SQLAlchemyDocs,
  title={Flask-SQLAlchemy},
  author={The Pallets Projects},
  year={2010},
  howpublished = "\url{https://flask-sqlalchemy.palletsprojects.com/en/2.x/}"
}

@misc{Cryptography-Docs,
  title={Cryptography},
  author={The Cryptography Developers},
  year={2020},
  howpublished = "\url{https://pypi.org/project/cryptography/}"
}

@misc{Cryptography-Fernet-Docs,
  title={Fernet (symmetric encryption)},
  author={The Cryptography Developers},
  year={2017},
  howpublished = "\url{https://cryptography.io/en/latest/fernet/}"
}